@article{schloss2009introducing,
  title={Introducing mothur: open-source, platform-independent, community-supported software for describing and comparing microbial communities},
  author={Schloss, Patrick D and Westcott, Sarah L and Ryabin, Thomas and Hall, Justine R and Hartmann, Martin and Hollister, Emily B and Lesniewski, Ryan A and Oakley, Brian B and Parks, Donovan H and Robinson, Courtney J and others},
  journal={Applied and environmental microbiology},
  volume={75},
  number={23},
  pages={7537--7541},
  year={2009},
  publisher={Am Soc Microbiol}
}

@article{callahan2016dada2,
  title={DADA2: High-resolution sample inference from Illumina amplicon data},
  author={Callahan, Benjamin J and McMurdie, Paul J and Rosen, Michael J and Han, Andrew W and Johnson, Amy Jo A and Holmes, Susan P},
  journal={Nature methods},
  year={2016},
  publisher={Nature Publishing Group}
}

@article{caporaso2010qiime,
  title={QIIME allows analysis of high-throughput community sequencing data},
  author={Caporaso, J Gregory and Kuczynski, Justin and Stombaugh, Jesse and Bittinger, Kyle and Bushman, Frederic D and Costello, Elizabeth K and Fierer, Noah and Pena, Antonio Gonzalez and Goodrich, Julia K and Gordon, Jeffrey I and others},
  journal={Nature methods},
  volume={7},
  number={5},
  pages={335--336},
  year={2010},
  publisher={Nature Publishing Group}
}

@Misc{sickle,
author =   {Joshi NA, Fass JN.},
title =    {Sickle: A sliding-window, adaptive, quality-based trimming tool for FastQ files 
(Version 1.33)},
howpublished = {\url{https://github.com/najoshi/sickle}},
year = {2011}
}

@article{ghodsi2011dnaclust,
  title={DNACLUST: accurate and efficient clustering of phylogenetic marker genes},
  author={Ghodsi, Mohammadreza and Liu, Bo and Pop, Mihai},
  journal={BMC bioinformatics},
  volume={12},
  number={1},
  pages={1},
  year={2011},
  publisher={BioMed Central}
}

@article{altschul1990basic,
  title={Basic local alignment search tool},
  author={Altschul, Stephen F and Gish, Warren and Miller, Webb and Myers, Eugene W and Lipman, David J},
  journal={Journal of molecular biology},
  volume={215},
  number={3},
  pages={403--410},
  year={1990},
  publisher={Elsevier}
}